Theses
%%%%%%%%%%%%%%%%%%%%%%%%%%%%%%%%%%%%%%%%%%%%%%%%%%%%%%%
@mastersthesis{RootMS,
  author = {Sam J. Root},
  title  = {Dynamic System Modeling and PID Controller Design for a Molten Salt Microreactor},
  school = {University of Idaho},
  year   = {2024},
  month  = {5}
}

%Journals
%%%%%%%%%%%%%%%%%%%%%%%%%%%%%%%%%%%%%%%%%%%%%%%%%%%%%%%
@article{MyOwnPaper,
author = {Vandal, Joe and Author, Second and Author, Third and Author, Last},
title = {A Paper that is Also a Thesis Chapter},
journal = {Journal of Idaho},
volume = {100},
pages = {123456},
year = {2023},
issn = {0029-9876},
doi = {10.1016/j.nucengdes.2023.123456},
note = {}
}

%Textbooks
%%%%%%%%%%%%%%%%%%%%%%%%%%%%%%%%%%%%%%%%%%%%%%%%%%%%%%%%%%
@book{Lamarsh,
  author    = {Lamarsh, John R. and Baratta, Anthony J.},
  title     = {Introduction to Nuclear Engineering},
  edition   = {third},
  publisher = {Pretice Hall},
  year      = {2001},
  address   = {Upper Sadle River, New Jersey}
}
@book{DH,
  author    = {Duderstadt, James J. and Hamilton, Louis J.},
  title     = {Nuclear Reactor Analysis},
  edition   = {first},
  publisher = {Wiley \& Sons},
  year      = {1976},
  address   = {New York, NY}
}
@book{Geankoplis,
  author    = {Geankoplis, Christie J.},
  title     = {Transport Processes and Unit Operations},
  edition   = {third},
  publisher = {Pretice Hall},
  year      = {1993},
  address   = {Englewood Cliffs, New Jersey}
}
@book{Benedict,
  author    = {Benedict, Manson and Pigford, Thomas H. and Levi, Hans Wolfgang},
  title     = {Nuclear Chemical Engineering},
  edition   = {second},
  publisher = {McGraw-Hill},
  year      = {1981},
  address   = {USA}
}
@book{Charit,
  author    = {Murty, K. Linga and Charit, Indrajit},
  title     = {An Introduction to Nuclear Materials: Fundamentals and Applications},
  edition   = {},
  publisher = {Wiley-VCH},
  year      = {2013},
  address   = {Raliegh, NC}
}
@book{TodreasKazimi1,
  author    = {Todreas, Neil E. and Kazimi, Mujid S.},
  title     = {Nuclear Systems Volume I: Thermal Hydraulic Fundamentals},
  edition   = {},
  publisher = {Taylor and Francis},
  year      = {1990},
  address   = {USA}
}
@book{TodreasKazimi2,
  author    = {Todreas, Neil E. and Kazimi, Mujid S.},
  title     = {Nuclear Systems Volume II: Elements of Thermal Hydraulic Design},
  chapter   = {3: Flow Loops, section III: Steady-State, Single-Phase, Natural Circulation},
  edition   = {},
  publisher = {Taylor and Francis},
  year      = {2001},
  address   = {USA}
}
@book{Bequette,
  author    = {Bequette, B. Wayne},
  title     = {Process Control: Modeling Design and Simulation},
  edition   = {},
  publisher = {Pretice Hall},
  year      = {2003},
  address   = {Upper Sadle River, New Jersey}
}
@book{Kerlin,
  author    = {Kerlin, Thomas W. and Upadhyaya, Belle R.},
  title     = {Dynamics and Control of Nuclear Reactors},
  edition   = {},
  publisher = {Elsevier Inc.},
  year      = {2019},
  address   = {Knoxville, Tennessee}
}
@book{Janna,
  author    = {Janna, William S.},
  title     = {Design of Fluid Thermal Systems},
  edition   = {fourth},
  publisher = {Cengage Learning},
  year      = {2015},
  address   = {Stamford, Connecticut}
}
@book{Handbook,
  author    = {Kok, Kenneth D.},
  title     = {Nuclear Engineering Handbook},
  edition   = {first},
  publisher = {Taylor \& Francis Group},
  year      = {2009},
  address   = {Boca Raton, Florida}
}
@book{Faw,
  author    = {Shultis, J. Kenneth and Faw, Richard E.},
  title     = {Fundamentals of Nuclear Science and Engineering},
  edition   = {first},
  publisher = {Marcel Dekker Inc.},
  year      = {2002},
  address   = {New York City, New York},
  institution = {Kansas State University}
}


